@comment{
  https://en.wikibooks.org/wiki/LaTeX/Bibliography_Management#Entry_and_field_types_in_.bib_files
}

%% Lucene
%% ------
@online{ web:lucene,
    author  = { The Apache Software Foundation },
    title   = { Apache Lucene },
    year    = 2016,
    url     = { https://lucene.apache.org/ },
    urldate = { 2016-03-20 }
}

@online{ web:lucenedoc,
    author  = { The Apache Software Foundation },
    title   = { Lucene 6.0.0 core API },
    year    = 2016,
    url     = { https://lucene.apache.org/core/6_0_0/core/index.html },
    urldate = { 2016-04-01 }
}


@online{ web:lucenesyntax,
    author  = { The Apache Software Foundation },
    title   = { Query Parser Syntax },
    year    = 2016,
    url     = { https://lucene.apache.org/core/6_0_1/queryparser/org/apache/lucene/queryparser/classic/package-summary.html#package.description },
    urldate = { 2016-04-01 }
}

@online{ web:luceneintro,
    author       = { John Ferguson Smart },
    title        = { A Short Introduction to Lucene },
    date         = { 2006-04-14 },
    url          = { http://oak.cs.ucla.edu/cs144/projects/lucene/ },
    urldate      = { 2016-04-01 },
    organization = { \href{http://scai.cs.ucla.edu/}{Scalable Analytics Institute (ScAi)} }
}

%% Tika
%% ----
@online{ web:tika,
    author  = { The Apache Software Foundation },
    title   = { Apache Tika },
    year    = 2016,
    url     = { http://tika.apache.org/ },
    urldate = { 2016-03-20 }
}

@online{ web:tikaformats,
    author  = { The Apache Software Foundation },
    title   = { Supported Document Formats },
    year    = 2016,
    url     = { https://tika.apache.org/1.13/formats.html },
    urldate = { 2016-03-20 }
}

@online{ wiki:xmp,
    author  = { Wikipedia },
    title   = { Extensible Metadata Platform --- Wikipedia{,} The Free Encyclopedia },
    year    = 2016,
    url     = { https://en.wikipedia.org/w/index.php?title=Extensible_Metadata_Platform&oldid=723375225 },
    urldate = { 2016-03-20 }
}

@online{ web:tika-lucene,
    author  = { Ana-Maria Mihalceanu },
    title   = { Understanding Information Retrieval by Using Apache Lucene and Tika - Part 1 },
    date    = { 2014-10-22 },
    url     = { https://dzone.com/articles/understanding-information },
    urldate = { 2016-04-01 }
}

@online{ web:tika-examples,
    author  = { The Apache Software Foundation },
    title   = { Apache Tika API Usage Examples },
    year    = 2016,
    url     = { http://tika.apache.org/1.12/examples.html },
    urldate = { 2016-04-01 }
}

%% ID3
%% ---
@online{ wiki:id3,
    author  = { Wikipedia },
    title   = { ID3 --- Wikipedia{,} The Free Encyclopedia },
    year    = 2016,
    url     = { https://en.wikipedia.org/w/index.php?title=ID3&oldid=720443199 },
    urldate = { 2016-06-01 }
}

@online{ wiki:mp3,
    author  = { Wikipedia },
    title   = { MP3 --- Wikipedia{,} The Free Encyclopedia },
    year    = 2016,
    url     = { https://en.wikipedia.org/w/index.php?title=MP3&oldid=725267687 },
    urldate = { 2016-06-01 }
}

%% FLAC
%% ----
@online{ web:flac,
    author  = { Josh Coalson },
    title   = { Format Overview --- Xiph.Org Foundation },
    url     = { https://xiph.org/flac/documentation_format_overview.html },
    urldate = { 2016-06-01 }
}

@online{ web:vorbiscomment,
    author  = { Xiph.Org Foundation },
    title   = { Ogg Vorbis I format specification: comment field and header specification },
    year    = 2005,
    url     = { http://www.xiph.org/vorbis/doc/v-comment.html },
    urldate = { 2016-06-01 }
}

%% Luke
%% ----
@online{ web:lukeintro,
    author  = { \href{https://lingpipe-blog.com/author/mitzimorris/}{Mitzimorris} },
    title   = { Using Luke the Lucene Index Browser to develop Search Queries },
    date    = { 2012-07-24 },
    url     = { https://lingpipe-blog.com/2012/07/24/using-luke-the-lucene-index-browser-to-develop-search-queries/ },
    urldate = { 2016-03-20 }
}

%% Books
%% -----
@book{ book:heinrich,
    author    = { Andreas Henrich },
    titel     = { Information Retrieval 1 },
    subtitle  = { Grundlagen, Modelle und Anwendungen },
    version   = { 1.2 },
    revision  = 5727,
    date      = { 2008-01-07 },
    url       = { https://www.uni-bamberg.de/fileadmin/uni/fakultaeten/wiai_lehrstuehle/medieninformatik/Dateien/Publikationen/2008/henrich-ir1-1.2.pdf },
    urldate   = { 2016-04-01 },
    publisher = { Otto-Friedrich-Universität Bamberg }
}

@book{ book:manning,
    author    = { Christopher D. Manning and Prabhakar Raghavan and Hinrich Schütze },
    titel     = { An Introduction to Information Retrieval },
    edition   = { Online },
    version   = { draft },
    date      = { 2009-04-01 },
    url       = { http://nlp.stanford.edu/IR-book/pdf/irbookonlinereading.pdf },
    urldate   = { 2016-04-01 },
    publisher = { Cambridge University Press },
    location  = { Cambridge, England }
}

%% Tools
%% -----
@online{ web:luke,
    author  = { Andrzej Bialecki },
    title   = { Luke - Lucene Index Toolbox },
    date    = { 2008-11-14 },
    url     = { http://www.getopt.org/luke/ },
    urldate = { 2016-03-20 }
}

@online{ web:lukegit,
    author  = { Dmitry Kan },
    title   = { Luke: Lucene Toolbox Project --- Github },
    date    = { 2016-04-19 },
    url     = { https://github.com/DmitryKey/luke },
    urldate = { 2016-04-23 }
}

@online{ web:easytag,
    author  = { The GNOME Project },
    title   = { EasyTAG },
    year    = 2016,
    url     = { https://wiki.gnome.org/Apps/EasyTAG },
    urldate = { 2016-03-20 }
}

@online{ web:shm,
    author  = { Vivek Gite },
    title   = { What Is /dev/shm And Its Practical Usage },
    date    = { 2012-06-29 },
    url     = { http://www.cyberciti.biz/tips/what-is-devshm-and-its-practical-usage.html },
    urladet = { 2015-10-03 }
}

@online{ web:fileutils,
    author  = { The Apache Software Foundation },
    title   = { org.apache.commons.io.FileUtils },
    date    = { 2016-01-01 },
    url     = { https://commons.apache.org/proper/commons-io/javadocs/api-release/org/apache/commons/io/FileUtils.html#listFiles(java.io.File,%20java.lang.String[],%20boolean) },
    urldate = { 2016-06-01 }
}